@article{dean2008mapreduce,
  title={MapReduce: simplified data processing on large clusters},
  author={Dean, Jeffrey and Ghemawat, Sanjay},
  journal={Communications of the ACM},
  volume={51},
  number={1},
  pages={107--113},
  year={2008},
  publisher={ACM}
}
@article{jaschke2008tag,
  title={Tag recommendations in social bookmarking systems},
  author={J{\"a}schke, Robert and Marinho, Leandro and Hotho, Andreas and Schmidt-Thieme, Lars and Stumme, Gerd},
  journal={Ai Communications},
  volume={21},
  number={4},
  pages={231--247},
  year={2008},
  publisher={IOS Press}
}
@inproceedings{rendle2009learning,
  title={Learning optimal ranking with tensor factorization for tag recommendation},
  author={Rendle, Steffen and Balby Marinho, Leandro and Nanopoulos, Alexandros and Schmidt-Thieme, Lars},
  booktitle={Proceedings of the 15th ACM SIGKDD international conference on Knowledge discovery and data mining},
  pages={727--736},
  year={2009},
  organization={ACM}
}
@inproceedings{ohkura2006browsing,
  title={Browsing system for weblog articles based on automated folksonomy},
  author={Ohkura, Tsutomu and Kiyota, Yoji and Nakagawa, Hiroshi},
  booktitle={Proceedings of the WWW 2006 Workshop on the Weblogging Ecosystem: Aggregation, Analysis and Dynamics, at WWW},
  volume={2006},
  year={2006}
}
@inproceedings{mishne2006autotag,
  title={Autotag: a collaborative approach to automated tag assignment for weblog posts},
  author={Mishne, Gilad},
  booktitle={Proceedings of the 15th international conference on World Wide Web},
  pages={953--954},
  year={2006},
  organization={ACM}
}
@article{lee2007automatic,
  title={Automatic tag recommendation for the web 2.0 blogosphere using collaborative tagging and hybrid ANN semantic structures},
  author={Lee, Sigma On Kee and Chun, Andy Hon Wai},
  journal={ACOS},
  volume={7},
  pages={88--93},
  year={2007},
  publisher={Citeseer}
}
@inproceedings{katakis2008multilabel,
  title={Multilabel text classification for automated tag suggestion},
  author={Katakis, Ioannis and Tsoumakas, Grigorios and Vlahavas, Ioannis},
  booktitle={Proceedings of the ECML/PKDD},
  year={2008}
}
@inproceedings{fujimura2007blogosonomy,
  title={Blogosonomy: Autotagging any text using bloggers' knowledge},
  author={Fujimura, Shigeru and Fujimura, KO and Okuda, Hidenori},
  booktitle={Web Intelligence, IEEE/WIC/ACM International Conference on},
  pages={205--212},
  year={2007},
  organization={IEEE}
}
@inproceedings{heymann2008social,
  title={Social tag prediction},
  author={Heymann, Paul and Ramage, Daniel and Garcia-Molina, Hector},
  booktitle={Proceedings of the 31st annual international ACM SIGIR conference on Research and development in information retrieval},
  pages={531--538},
  year={2008},
  organization={ACM}
}
@inproceedings{blei2003modeling,
  title={Modeling annotated data},
  author={Blei, David M and Jordan, Michael I},
  booktitle={Proceedings of the 26th annual international ACM SIGIR conference on Research and development in informaion retrieval},
  pages={127--134},
  year={2003},
  organization={ACM}
}
@inproceedings{krestel2009latent,
  title={Latent dirichlet allocation for tag recommendation},
  author={Krestel, Ralf and Fankhauser, Peter and Nejdl, Wolfgang},
  booktitle={Proceedings of the third ACM conference on Recommender systems},
  pages={61--68},
  year={2009},
  organization={ACM}
}
@inproceedings{liu2009clustering,
  title={Clustering to find exemplar terms for keyphrase extraction},
  author={Liu, Zhiyuan and Li, Peng and Zheng, Yabin and Sun, Maosong},
  booktitle={Proceedings of the 2009 Conference on Empirical Methods in Natural Language Processing: Volume 1-Volume 1},
  pages={257--266},
  year={2009},
  organization={Association for Computational Linguistics}
}
@inproceedings{bundschus2009hierarchical,
  title={Hierarchical bayesian models for collaborative tagging systems},
  author={Bundschus, Markus and Yu, Shipeng and Tresp, Volker and Rettinger, Achim and Dejori, Mathaeus and Kriegel, H-P},
  booktitle={Data Mining, 2009. ICDM'09. Ninth IEEE International Conference on},
  pages={728--733},
  year={2009},
  organization={IEEE}
}
@inproceedings{iwata2009modeling,
  title={Modeling social annotation data with content relevance using a topic model},
  author={Iwata, Tomoharu and Yamada, Takeshi and Ueda, Naonori},
  booktitle={Advances in Neural Information Processing Systems},
  pages={835--843},
  year={2009}
}
@inproceedings{liu2011automatic,
  title={Automatic keyphrase extraction by bridging vocabulary gap},
  author={Liu, Zhiyuan and Chen, Xinxiong and Zheng, Yabin and Sun, Maosong},
  booktitle={Proceedings of the Fifteenth Conference on Computational Natural Language Learning},
  pages={135--144},
  year={2011},
  organization={Association for Computational Linguistics}
}